<?xml version="1.0" encoding="UTF-8"?><collection xmlns="http://www.loc.gov/MARC21/slim"><record><leader>00603nam--2200193-i-4500</leader><controlfield tag="001">000035792</controlfield><controlfield tag="002">20161230</controlfield><controlfield tag="005">20161230201040</controlfield><controlfield tag="008">060222s1000------------r-----000-0-eng-d</controlfield><datafield ind1=" " ind2=" " tag="040"><subfield code="a">IFIN-HH</subfield></datafield><datafield ind1=" " ind2=" " tag="080"><subfield code="a">538.958:546.3(083.5)</subfield></datafield><datafield ind1="1" ind2=" " tag="100"><subfield code="a">Weaver, J.H</subfield></datafield><datafield ind1="1" ind2="0" tag="245"><subfield code="a">ZAED OPTICAL PROPERTIES OF METALS. PT.1: THE TRANSITION METALS (0,1&lt;hv&lt;500eV)</subfield><subfield code="c">J.h. weaver, c. krafka, d.w. lynch, e.e. koch</subfield></datafield><datafield ind1=" " ind2=" " tag="260"><subfield code="a">Karlsruhe</subfield><subfield code="b">Fachinformationszentrum</subfield><subfield code="c">1981</subfield></datafield><datafield ind1=" " ind2=" " tag="300"><subfield code="a">302P</subfield></datafield><datafield ind1=" " ind2=" " tag="490"><subfield code="a">Physik Daten Physics Data 18-1 1981</subfield></datafield><datafield ind1="1" ind2=" " tag="700"><subfield code="a">Koch, E.E</subfield></datafield><datafield ind1=" " ind2=" " tag="852"><subfield code="a">47445</subfield><subfield code="c">53.081</subfield></datafield><datafield ind1=" " ind2=" " tag="CAT"><subfield code="a">Sys</subfield><subfield code="c">20160404</subfield><subfield code="h">123042</subfield></datafield></record></collection>